@article{cook2012validation,
  title={Validation of software for Bayesian models using posterior quantiles},
  author={Cook, Samantha R and Gelman, Andrew and Rubin, Donald B},
  journal={Journal of Computational and Graphical Statistics},
  year={2012},
  publisher={Taylor \& Francis}
}
@book{cramer2004stationary,
  title={Stationary and Related Stochastic Processes: Sample Function Properties and Their Applications},
  author={Cram{\'e}r, Harald and Leadbetter, M Ross},
  year={2004},
  publisher={Courier Corporation}
}
@book{gelman2014bayesian,
  title={Bayesian data analysis},
  author={Gelman, Andrew and Carlin, John B and Stern, Hal S and Rubin, Donald B},
  volume={2},
  year={2014},
  publisher={Chapman \& Hall/CRC Boca Raton, FL, USA}
}
@article{fuglstad2015interpretable,
  title={Interpretable Priors for Hyperparameters for Gaussian Random Fields},
  author={Fuglstad, Geir-Arne and Simpson, Daniel and Lindgren, Finn and Rue, H{\aa}vard},
  journal={arXiv preprint arXiv:1503.00256},
  year={2015}
}
@article{flaxman2015fast,
  title={Fast hierarchical Gaussian processes},
  author={Flaxman, Seth and Gelman, Andrew and Neill, Daniel and Smola, Alex and Vehtari, Aki and Wilson, Andrew Gordon},
  journal={Manuscript in preparation},
  year={2015}
}
@article{rasmussen2005gaussian,
  title={Gaussian Processes for Machine Learning},
  author={Rasmussen, Carl Edward and Williams, Christopher KI},
  year={2005},
  publisher={The MIT Press}
}
@article{seeger2008information,
  title={Information consistency of nonparametric Gaussian process methods},
  author={Seeger, Matthias W and Kakade, Sham M and Foster, Dean P},
  journal={IEEE Transactions on Information Theory},
  volume={54},
  number={5},
  pages={2376--2382},
  year={2008},
  publisher={IEEE}
}
@book{stein2012interpolation,
  title={Interpolation of spatial data: some theory for kriging},
  author={Stein, Michael L},
  year={2012},
  publisher={Springer Science \& Business Media}
}
@article{williams2000upper,
  title={Upper and lower bounds on the learning curve for Gaussian processes},
  author={Williams, Christopher KI and Vivarelli, Francesco},
  journal={Machine Learning},
  volume={40},
  number={1},
  pages={77--102},
  year={2000},
  publisher={Springer}
}
@misc{cmdstan,
  author = {{Stan Development Team}},
  year = {2016},
  title = {CmdStan: the command-line interface to Stan, Version 2.12.0.},
  url = {http://mc-stan.org/}
}
@article{xie2004note,
  title={A Note on Bayesian Learning and Identifiability in Hierarchical Models},
  author={Xie, Yang and Carlin, Bradley P},
  year={2004}
}
